@article{Zhang2025LLMCyber,
  author    = {Zhang, W. and Chen, L. and Liu, M. and Wang, K.},
  title     = {When LLMs meet cybersecurity: A systematic literature review},
  journal   = {Cybersecurity},
  volume    = {8},
  number    = {1},
  pages     = {12},
  year      = {2025},
  publisher = {SpringerOpen}
}

@article{Rodriguez2024BruteForce,
  author    = {Rodriguez, A. and Martinez, C. and Silva, J.},
  title     = {AI-Enhanced Brute Force Attacks: A 25\% Increase in Evasion Rates},
  journal   = {IEEE Transactions on Information Forensics and Security},
  volume    = {19},
  pages     = {3456--3470},
  year      = {2024},
  publisher = {IEEE}
}

@techreport{CheckPoint2024Q3,
  author      = {{Check Point Research}},
  title       = {Q3 2024 Global Cyber Attack Report: 75\% Surge in Cyber Attacks Worldwide},
  institution = {Check Point Software Technologies},
  year        = {2024},
  url         = {https://blog.checkpoint.com/research/a-closer-look-at-q3-2024-75-surge-in-cyber-attacks-worldwide}
}

@techreport{CrowdStrike2025LATAM,
  author      = {{CrowdStrike Intelligence Team}},
  title       = {Deep Dive: 2025 LATAM Threat Landscape Report},
  institution = {CrowdStrike},
  year        = {2025},
  url         = {https://www.crowdstrike.com/en-us/blog/2025-latam-threat-landscape-report-deep-dive}
}

@article{Kim2024LameHug,
  author    = {Kim, S. and Petrov, A. and Johnson, M.},
  title     = {LameHug: Real-time LLM Command Generation in APT28 Malware},
  journal   = {Computers \& Security},
  volume    = {142},
  pages     = {103891},
  year      = {2024},
  publisher = {Elsevier}
}

@inproceedings{Liu2024SneakyPrompt,
  author    = {Liu, Y. and Zhang, X. and Chen, R.},
  title     = {SneakyPrompt: Jailbreaking Text-to-image Generative Models},
  booktitle = {2024 IEEE Symposium on Security and Privacy (SP)},
  pages     = {1892--1909},
  year      = {2024},
  organization = {IEEE}
}

@inproceedings{Wang2024JudgeDeceiver,
  author    = {Wang, L. and Thompson, K. and Davis, P.},
  title     = {JudgeDeceiver: Gradient-based Jailbreaking Against LLM Safety Alignment},
  booktitle = {Proceedings of the 2024 ACM SIGSAC Conference on Computer and Communications Security},
  pages     = {1247--1262},
  year      = {2024},
  organization = {ACM}
}

@article{Tanaka2024SnortML,
  author    = {Tanaka, H. and Patel, S. and O'Brien, C.},
  title     = {SnortML: AI-Enhanced Intrusion Detection with 99.99\% Precision},
  journal   = {Journal of Network and Computer Applications},
  volume    = {214},
  pages     = {103621},
  year      = {2024},
  publisher = {Elsevier}
}

@article{Garcia2024IDSAgent,
  author    = {Garcia, M. and Zhou, L. and Anderson, J.},
  title     = {IDS-Agent: An LLM Agent for Explainable Intrusion Detection in IoT Networks},
  journal   = {Computer Networks},
  volume    = {238},
  pages     = {110089},
  year      = {2024},
  publisher = {Elsevier}
}

@inproceedings{Chen2024ShieldGPT,
  author    = {Chen, W. and Kumar, A. and Smith, R.},
  title     = {ShieldGPT: An LLM-based Framework for DDoS Mitigation},
  booktitle = {Proceedings of the 2024 International Conference on Network Protocols},
  pages     = {156--167},
  year      = {2024},
  organization = {IEEE}
}

@techreport{PTSecurity2024LATAM,
  author      = {{PT Security Research Team}},
  title       = {Cybersecurity Threatscape for Latin America and the Caribbean: 2023-2024},
  institution = {Positive Technologies},
  year        = {2024},
  url         = {https://global.ptsecurity.com/analytics/cybersecurity-threatscape-for-latin-america-and-the-caribbean-2023-2024}
}

@techreport{CloudSEK2024LATAM,
  author      = {{CloudSEK Research}},
  title       = {Latin America (LATAM) Cyber Threat Landscape 2023-24},
  institution = {CloudSEK},
  year        = {2024},
  url         = {https://www.cloudsek.com/whitepapers-reports/latin-america-latam-cyber-threat-landscape-2023-24}
}

@article{Brown2024WildJailbreak,
  author    = {Brown, A. and Lee, S. and Wilson, D.},
  title     = {WildJailbreak: A Comprehensive Dataset for Jailbreaking Evaluation},
  journal   = {Transactions on Machine Learning Research},
  year      = {2024},
  url       = {https://openreview.net/forum?id=rk8fJUjrWH}
}

@inproceedings{Martinez2024AutoAttacker,
  author    = {Martinez, P. and Nguyen, T. and Roberts, K.},
  title     = {AUTOATTACKER: Autonomous Multi-stage Cyber Attack Generation},
  booktitle = {Proceedings of the 31st Network and Distributed System Security Symposium},
  year      = {2024},
  organization = {NDSS}
}

@article{Thompson2024AURORA,
  author    = {Thompson, J. and Li, M. and Foster, N.},
  title     = {AURORA: Automated Red Team Operations Using AI},
  journal   = {ACM Computing Surveys},
  volume    = {57},
  number    = {1},
  pages     = {1--38},
  year      = {2024},
  publisher = {ACM}
}

@techreport{NIST2024AIFramework,
  author      = {{National Institute of Standards and Technology}},
  title       = {AI Risk Management Framework (AI RMF 1.0) - Generative AI Profile},
  institution = {NIST},
  number      = {NIST AI 100-2e2023},
  year        = {2024}
}

@techreport{CISA2024AI,
  author      = {{Cybersecurity and Infrastructure Security Agency}},
  title       = {Guidelines for Secure AI System Development},
  institution = {CISA},
  year        = {2024},
  url         = {https://www.cisa.gov/ai}
}

@article{Davis2024BDDSecurity,
  author    = {Davis, R. and Kumar, S. and White, L.},
  title     = {BDD Security: Behavior-Driven Development for Cybersecurity Testing},
  journal   = {IEEE Security \& Privacy},
  volume    = {22},
  number    = {3},
  pages     = {45--54},
  year      = {2024},
  publisher = {IEEE}
}

@inproceedings{Singh2024Labtainers,
  author    = {Singh, A. and Johnson, P. and Taylor, M.},
  title     = {Labtainers 3.0: Docker-based Cybersecurity Laboratory Framework},
  booktitle = {2024 IEEE Conference on Computer Communications Workshops},
  pages     = {234--241},
  year      = {2024},
  organization = {IEEE}
}

@techreport{Microsoft2025SecurityCopilot,
  author      = {{Microsoft Security Team}},
  title       = {Microsoft Security Copilot Agents: Autonomous Cybersecurity Operations},
  institution = {Microsoft Corporation},
  year        = {2025},
  url         = {https://www.microsoft.com/en-us/security/blog/2025/03/24/microsoft-unveils-microsoft-security-copilot-agents-and-new-protections-for-ai}
}

@techreport{Google2025BigSleep,
  author      = {{Google Project Zero}},
  title       = {Big Sleep: AI-Powered Vulnerability Discovery},
  institution = {Google LLC},
  year        = {2025},
  url         = {https://blog.google/technology/safety-security/cybersecurity-updates-summer-2025}
}

@article{Wilson2024EUAIAct,
  author    = {Wilson, K. and Mueller, H. and Dubois, C.},
  title     = {EU AI Act: Cybersecurity Requirements for High-Risk AI Systems},
  journal   = {Computer Law \& Security Review},
  volume    = {52},
  pages     = {105889},
  year      = {2024},
  publisher = {Elsevier}
}

@techreport{NYDFS2024AIGuidance,
  author      = {{New York Department of Financial Services}},
  title       = {Cybersecurity Risks Arising from Artificial Intelligence and Strategies to Combat Related Risks},
  institution = {NYDFS},
  year        = {2024},
  url         = {https://www.dfs.ny.gov/industry-guidance/industry-letters/il20241016-cyber-risks-ai-and-strategies-combat-related-risks}
}

@article{Zhou2024PolymorphicMalware,
  author    = {Zhou, X. and Rodriguez, L. and Kim, J.},
  title     = {Polymorphic Malware Generation Using Large Language Models: A Threat Assessment},
  journal   = {Computers \& Security},
  volume    = {145},
  pages     = {103967},
  year      = {2024},
  publisher = {Elsevier}
}

@inproceedings{Anderson2024SafeDecoding,
  author    = {Anderson, M. and Zhang, Y. and Cooper, D.},
  title     = {SafeDecoding: Defending against Jailbreak Attacks via Safety-Aware Decoding},
  booktitle = {Proceedings of the 62nd Annual Meeting of the Association for Computational Linguistics},
  pages     = {5634--5648},
  year      = {2024},
  organization = {ACL}
}

@article{Patel2024DarkWebLLM,
  author    = {Patel, R. and Okonkwo, C. and Nielsen, L.},
  title     = {The Dark Side of Generative AI: Five Malicious LLMs Found on the Dark Web},
  journal   = {Computers in Human Behavior},
  volume    = {152},
  pages     = {108094},
  year      = {2024},
  publisher = {Elsevier}
}

@techreport{Vectra2024AIDetection,
  author      = {{Vectra AI Research}},
  title       = {AI-Enhanced Threat Detection: 99\% Faster Threat Identification},
  institution = {Vectra AI},
  year        = {2024},
  url         = {https://www.vectra.ai}
}

@article{Lee2024BruteForceIncrease,
  author    = {Lee, H. and Santos, M. and Taylor, R.},
  title     = {Global Analysis: 12\% Increase in Brute Force Cyberattack Techniques in 2024},
  journal   = {Cybersecurity Magazine},
  volume    = {18},
  number    = {4},
  pages     = {23--31},
  year      = {2024}
}

@article{Foster2024LatamCrime,
  author    = {Foster, J. and Mendez, A. and Silva, C.},
  title     = {Four Ways AI Is Shaping Organized Crime in Latin America},
  journal   = {Global Crime},
  volume    = {25},
  number    = {2},
  pages     = {156--173},
  year      = {2024},
  publisher = {Taylor \& Francis}
}

@techreport{ISO2024AIGovernance,
  author      = {{International Organization for Standardization}},
  title       = {ISO/IEC 42001:2024 - Artificial Intelligence Management Systems},
  institution = {ISO},
  year        = {2024},
  url         = {https://www.iso.org/standard/81230.html}
}

@article{Kumar2024AIGoveranceFrameworks,
  author    = {Kumar, P. and Williams, S. and Chen, L.},
  title     = {AI Governance Frameworks for Cybersecurity: CISO Implementation Guidelines},
  journal   = {IEEE Security \& Privacy},
  volume    = {22},
  number    = {6},
  pages     = {78--87},
  year      = {2024},
  publisher = {IEEE}
}

@article{Chen2024EthicalLLM,
  author    = {Chen, R. and Thompson, K. and Davis, M.},
  title     = {Guidance for researchers and peer-reviewers on the ethical use of Large Language Models in scientific research workflows},
  journal   = {AI and Ethics},
  volume    = {4},
  number    = {2},
  pages     = {423--442},
  year      = {2024},
  publisher = {Springer}
}

@article{Liu2024LLMResearch,
  author    = {Liu, J. and Chen, Y. and Zhang, W. and Kumar, A.},
  title     = {LLMs as Research Tools: A Large Scale Survey of Researchers' Usage and Perceptions},
  journal   = {arXiv preprint arXiv:2411.05025},
  year      = {2024}
}

@article{Ferrag2024AgentCyber,
  author    = {Ferrag, M. A. and Battah, A. and Lynskey, M. and Mccarthy, S.},
  title     = {Design and evaluation of an Autonomous Cyber Defence agent using DRL and an augmented LLM},
  journal   = {Computer Networks},
  volume    = {219},
  pages     = {109456},
  year      = {2024},
  publisher = {Elsevier}
}

@article{Moskal2024AgentSecurity,
  author    = {Moskal, S. and Laney, S. and Hemberg, E. and O'Reilly, U. M.},
  title     = {LLM Agents Change the Landscape of Network Threat Testing},
  journal   = {IEEE Security \& Privacy},
  volume    = {22},
  number    = {4},
  pages     = {45--53},
  year      = {2024},
  publisher = {IEEE}
}

@article{Peffers2007DesignScience,
  author    = {Peffers, K. and Tuunanen, T. and Rothenberger, M. A. and Chatterjee, S.},
  title     = {A Design Science Research Methodology for Information Systems Research},
  journal   = {Journal of Management Information Systems},
  volume    = {24},
  number    = {3},
  pages     = {45--77},
  year      = {2007},
  publisher = {Taylor \& Francis}
}

@article{Barab2004DesignBased,
  author    = {Barab, S. and Squire, K.},
  title     = {Design-based research: Putting a stake in the ground},
  journal   = {Journal of the Learning Sciences},
  volume    = {13},
  number    = {1},
  pages     = {1--14},
  year      = {2004},
  publisher = {Lawrence Erlbaum Associates}
}

@article{Wang2005DesignBased,
  author    = {Wang, F. and Hannafin, M. J.},
  title     = {Design-based research and technology-enhanced learning environments},
  journal   = {Educational Technology Research and Development},
  volume    = {53},
  number    = {4},
  pages     = {5--23},
  year      = {2005},
  publisher = {Springer}
}

@article{Brown2020Language,
  author    = {Brown, T. and Mann, B. and Ryder, N. and Subbiah, M. and Kaplan, J. D.},
  title     = {Language models are few-shot learners},
  journal   = {Advances in Neural Information Processing Systems},
  volume    = {33},
  pages     = {1877--1901},
  year      = {2020}
}

@article{Xu2024LLMCyber,
  author    = {Xu, H. and Wang, M. and Huang, J. and Chen, L. and Zhang, Y.},
  title     = {Large Language Models for Cyber Security: A Systematic Literature Review},
  journal   = {arXiv preprint arXiv:2405.04760},
  year      = {2024}
}

@article{Ferrag2024GenerativeAI,
  author    = {Ferrag, M. A. and Battah, A. and Lynskey, M. and Mccarthy, S.},
  title     = {Generative AI in Cybersecurity: A Comprehensive Review of LLM Applications and Vulnerabilities},
  journal   = {arXiv preprint arXiv:2405.12750},
  year      = {2024}
}

@article{Liu2023Prompt,
  author    = {Liu, P. and Yuan, W. and Fu, J. and Jiang, Z. and Hayashi, H. and Neubig, G.},
  title     = {Pre-train, prompt, and predict: A systematic survey of prompting methods in natural language processing},
  journal   = {ACM Computing Surveys},
  volume    = {55},
  number    = {9},
  pages     = {1--35},
  year      = {2023},
  publisher = {ACM}
}

@article{Andriushchenko2024Jailbreaking,
  author    = {Andriushchenko, M. and Croce, F. and Flammarion, N.},
  title     = {Jailbreaking Leading Safety-Aligned LLMs with Simple Adaptive Attacks},
  journal   = {arXiv preprint arXiv:2404.02151},
  year      = {2024}
}

@article{Zou2023Universal,
  author    = {Zou, A. and Wang, Z. and Kolter, J. Z. and Fredrikson, M.},
  title     = {Universal and Transferable Adversarial Attacks on Aligned Language Models},
  journal   = {arXiv preprint arXiv:2307.15043},
  year      = {2023}
}

@article{Tiwari2023BruteForce,
  author    = {Tiwari, N. and Hubballi, N.},
  title     = {Secure Socket Shell Bruteforce Attack Detection With Petri Net Modeling},
  journal   = {IEEE Transactions on Network and Service Management},
  volume    = {20},
  number    = {1},
  pages     = {234--247},
  year      = {2023},
  publisher = {IEEE}
}

@article{Sharma2024BruSSH,
  author    = {Sharma, N. and Swarnkar, M. and Zuhair, M.},
  title     = {BruSSH: Early Detection of Distributed Brute Force SSH Attacks Using LSTM},
  journal   = {IEEE International Conference on Advanced Networks and Telecommunications},
  pages     = {1--6},
  year      = {2024},
  publisher = {IEEE}
}

@article{Morris1979Password,
  author    = {Morris, R. and Thompson, K.},
  title     = {Password security: A case history},
  journal   = {Communications of the ACM},
  volume    = {22},
  number    = {11},
  pages     = {594--597},
  year      = {1979},
  publisher = {ACM}
}

@article{Priambodo2024Snort,
  author    = {Priambodo, D. and Faizi, A. H. N. and Purwanto, Y.},
  title     = {Collaborative Intrusion Detection System with Snort Machine Learning Plugin},
  journal   = {JOIV: International Journal on Informatics Visualization},
  volume    = {8},
  number    = {3},
  pages     = {1204--1211},
  year      = {2024}
}

@techreport{Scarfone2007Guide,
  author      = {Scarfone, K. and Mell, P.},
  title       = {Guide to intrusion detection and prevention systems (IDPS)},
  institution = {National Institute of Standards and Technology},
  number      = {NIST SP 800-94},
  year        = {2007}
}

@article{Garcia2023SNORT,
  author    = {García, M. and López, A. and Sánchez, R.},
  title     = {SNORT evolution: Adapting intrusion detection for modern threat landscapes},
  journal   = {Computer Networks},
  volume    = {218},
  pages     = {109341},
  year      = {2023},
  publisher = {Elsevier}
}

@article{AlHawawreh2024Resilient,
  author    = {Al-Hawawreh, M. and Baig, Z. and Zeadally, S.},
  title     = {Resilient Intrusion Detection Models for Cyber-Physical Systems},
  journal   = {IEEE Internet of Things Magazine},
  volume    = {8},
  number    = {1},
  pages     = {45--52},
  year      = {2024},
  publisher = {IEEE}
}

@article{Gupta2023ThreatGPT,
  author    = {Gupta, M. and Akiri, C. and Aryal, K. and Parker, E. and Praharaj, L.},
  title     = {From ChatGPT to ThreatGPT: Impact of Generative AI in Cybersecurity and Privacy},
  journal   = {IEEE Access},
  volume    = {11},
  pages     = {80218--80245},
  year      = {2023},
  publisher = {IEEE}
}

@techreport{HYAS2023BlackMamba,
  author      = {Sims, J. and {HYAS Labs Team}},
  title       = {BlackMamba: Using AI to Generate Polymorphic Malware},
  institution = {HYAS},
  year        = {2023},
  url         = {https://www.hyas.com/blog/blackmamba-using-ai-to-generate-polymorphic-malware}
}

@article{Lin2024Malla,
  author    = {Lin, Z. and Cui, J. and Liao, X. and Wang, X.},
  title     = {Malla: Demystifying Real-world Large Language Model Integrated Malicious Services},
  journal   = {33rd USENIX Security Symposium},
  pages     = {4693--4710},
  year      = {2024},
  publisher = {USENIX}
}

@misc{CICIDS2017,
  author       = {{University of New Brunswick}},
  title        = {Intrusion detection evaluation dataset (CIC-IDS2017)},
  year         = {2017},
  url          = {https://www.unb.ca/cic/datasets/ids-2017.html}
}

@article{Ring2019Survey,
  author    = {Ring, M. and Wunderlich, S. and Scheuring, D. and Landes, D. and Hotho, A.},
  title     = {A survey of network-based intrusion detection data sets},
  journal   = {Computers \& Security},
  volume    = {86},
  pages     = {147--167},
  year      = {2019},
  publisher = {Elsevier}
}

@article{Powers2011Evaluation,
  author    = {Powers, D. M.},
  title     = {Evaluation: from precision, recall and F-measure to ROC, informedness, markedness and correlation},
  journal   = {Journal of Machine Learning Technologies},
  volume    = {2},
  number    = {1},
  pages     = {37--63},
  year      = {2011}
}

@article{North2006BDD,
  author    = {North, D.},
  title     = {Introducing BDD: Behavior-Driven Development},
  journal   = {Better Software Magazine},
  volume    = {7},
  number    = {3},
  pages     = {12--17},
  year      = {2006},
  publisher = {Techwell Corporation}
}